@book{AnIntrusionDetectionModel,
	author = {Dorothy Elizabeth Denning},
	title = {An Intrusion Detection Model},
	publisher = "Proceedings of the Seventh IEEE Symposium on Security and Privacy",
	year = 1986,
	pages = "119–-131"
}
@article{ComputerSecurityThreat,
	author = "James Anderson",
	title = "Computer Security Threat Monitoring and Surveillance",
	journal = "NIST",
	year = 1980
}
@article{IDES,
	author = "Theresa F. Lunt",
	title = "IDES: An Intelligent System for Detecting Intruders",
	journal = "Proceedings of the Symposium on Computer Security; Threats, and Countermeasures",
	year = 1990,
	pages = "110--121"
}
@book{TheCuckoosEgg,
	author = {Clifford Stoll},
	title = {The Cuckoo's Egg},
	publisher = "Doubleday",
	year = 1989
}
@article{cheswick,
	author = "William Cheswick",
	title = "An Evening with BerferdIn Which a Cracker is Lured, Endured, and Studied",
	journal = "cheswik.com",
	year = 1991
}
@article{bear,
	title = "The word for bear",
	journal = "University of Pittsburg Journal",
	year = 2014
}
@techreport{taxonomy,
	author = {Stefan Axelsson},
	title = {Intrusion Detection Systems: A Survey and Taxonomy},
	institution = {Department of Computer Engineering Chalmers University of Technology Göteborg, Sweden},
	year = 2000
}
@book{idsFirewall,
	author = {John R. Vacca},
	title = {Network and system security},
	publisher = Elsevier,
	page = 46,
	year = 2013 
}
@techreport{idps,
	author = {Karen Scarfone, Peter Mell},
	title = {Guide to Intrusion Detection and Prevention Systems (IDPS)},
	institution = {National Institute of Standards and Technology},
	year = 2010
}
@book{signature,
	author = {Christos Douligeris, Dimitrios N. Serpanos},
	title = {Network Security: Current Status and Future Directions},
	publisher = {John Wiley and Sons},
	page = 86,
	year = 2007
}
@techreport{anomaly,
	author = {Rowayda A. Sadek, M Sami Soliman, Hagar S Elsayed},
	title = {Effective anomaly intrusion detection system based on neural network with indicator variable and rough set reduction},
	institution = {International Journal of Computer Science Issues},
	year = 2013
}
@techreport{honeypot,
	author = {Eric Cole, Stephen Northcutt},
	title = {Honeypots: A Security Manager's Guide to Honeypots},
	institution = {SANS Technology Institute},
	year = 2017
}
@techreport{tipologie1,
	author = {Nile Provos},
	title = {A Virtual Honeypot Framework},
	institution = {Google, Inc.},
	year = 2010
}
@book{produzione,
	author = {Iyatiti Mokube, Michele Adams},
	title = {Honeypots: Concepts, approaches, and challenges},
	publisher = {ACM-SE 45},
	pages = "321--326",
	year = 2007
}
@book{ricerca,
	author = {Lance Spitzner},
	title = {Honeypots tracking hackers},
	publisher = {Addison-Wesley},
	pages = "68–-70",
	year = 2007
}
@article{malware,
	author = {David Tidmarsh},
	title = {What Is a Honeypot in Cybersecurity? Types, Implementation, and Real-World Applications},
	journal = {EC-Council},
	year = 2023
}
@article{spam,
	author = {Mark Joseph Edwards},
	title = {Antispam Honeypots Give Spammers Headaches},
	journal = {Windows IT Pro},
	year = 2002
}
@article{database,
	title = {Secure Your Database Using Honeypot Architecture},
	journal = {DBCoreTech},
	year = 2010
}
@article{ics,
	author = {Arthur Jicha, Mark Patton, Hsinchun Chen},
	title = {SCADA honeypots: An in-depth analysis of Conpot},
	journal = {IEEE},
	year = 2013
}
@report{tax,
	author = {Iyatiti Mokube, Michele Adams},
	title = {Honeypots: Concepts, Approaches, and Challenges},
	type = {Article},
	institution = {Armstrong Atlantic State University},
	date = {2007},
	OPTurl = {http://www.cs.potsdam.edu/faculty/laddbc/Teaching/Ethics/StudentPapers/2007Mokube-Honeypots.pdf},
}
@report{nistHoneypot,
	author = {R. Shirey},
	title = {Internet Security Glossary, Version 2},
	type = {RFC 4949},
	institution = {National Institute of Standards and Technology},
	date = {2007},
	OPTurl = {https://datatracker.ietf.org/doc/html/rfc4949},
}
@book{spitzner,
	author = {Lance Spitzner},
	title = {Honeypots: Tracking Hackers},
	date = {2002},
}
@report{nistIDS,
	author = {Rebecca Brace, Peter Mell},
	title = {Intrusion Detection Systems},
	type = {NIST Special Pubblication 800-31},
	institution = {National Institute of Standards and Technology},
	date = {2001},
	OPTurl = {https://nvlpubs.nist.gov/nistpubs/Legacy/SP/nistspecialpublication800-31.pdf},
}
@misc{threat1,
	author={Darktrace Limited Holding},
	title = {Threat Visualizer part 1 - Familiarization},
	howpublished = {\url{https://customerportal.darktrace.com}},
	year = {2023}
}
@misc{threat2,
	author={Darktrace Limited Holding},
	title = {Threat Visualizer part 2 - Investigation},
	howpublished = {\url{https://customerportal.darktrace.com}},
	year = 2023
}
@misc{model,
	author={Darktrace Limited Holding},
	title = {Cyber Analyst Part 2 - Model Optimizationn},
	howpublished = {\url{https://customerportal.darktrace.com}},
	year = 2023
}
@misc{respond,
	author={Darktrace Limited Holding},
	title = {Darktrace RESPOND/Network},
	howpublished = {\url{https://customerportal.darktrace.com}},
	year = 2023
}
